@INBOOK{castillo2014_book_sipesca,
  AUTHOR       = {Castillo, P.A. and Fern\'andez-Ares, A. and Garc\'ia-Fern\'andez, P. and Garc\'ia-S\'anchez, P. and Arenas, M.G. and Mora, A.M. and Rivas, V.M. and Asensio, J.J. and Romero, G. and Merelo, J.J.},
  TITLE        = {Handbook of Research on Embedded Systems Design},
  CHAPTER      = {Studying Individualized Transit Indicators Using a New Low-Cost Information System},
  PUBLISHER    = {IGI Global},
  YEAR         = "2014",
  SERIES       = {Advances in Systems Analysis, Software Engineering, and High Performance Computing. Book Series. Industry and Research Perspectives on Embedded System Design},
  PAGES        = {388--407},
}
