@article{plantin2017big,
  title={Big data is not about size: When data transform scholarship},
  author={Plantin, Jean-Christophe and Lagoze, Carl and Edwards, Paul and Sandvig, Christian},
  year={2017},
  publisher={Editions de la Maison des sciences de l'homme}
}

@article{yoo2015not,
  title={It is not about size: a further thought on big data},
  author={Yoo, Youngjin},
  journal={Journal of Information Technology},
  volume={30},
  number={1},
  pages={63--65},
  year={2015},
  publisher={Springer}
}

@article{gandomi2015beyond,
  title={Beyond the hype: Big data concepts, methods, and analytics},
  author={Gandomi, Amir and Haider, Murtaza},
  journal={International Journal of Information Management},
  volume={35},
  number={2},
  pages={137--144},
  year={2015},
  publisher={Elsevier}
}

@article{ross2013you,
  title={You may not need big data after all},
  author={Ross, Jeanne W and Beath, Cynthia M and Quaadgras, Anne},
  journal={Harvard Business Review},
  volume={91},
  number={12},
  pages={90--+},
  year={2013},
  publisher={HARVARD BUSINESS SCHOOL PUBLISHING CORPORATION 300 NORTH BEACON STREET, WATERTOWN, MA 02472 USA}
}

@book{davis2012ethics,
  title={Ethics of Big Data: Balancing risk and innovation},
  author={Davis, Kord},
  year={2012},
  publisher={" O'Reilly Media, Inc."}
}

@article{gordon2014big,
  title={Big Data: It's Not the Size That Matters},
  author={Gordon, Matthew},
  journal={J. Nat'l Sec. L. \& Pol'y},
  volume={7},
  pages={311},
  year={2014},
  publisher={HeinOnline}
}